
@article{greengard2017generalized,
  title={On generalized prolate spheroidal functions},
  author={Greengard, Philip and Serkh, Kirill},
  year={2017},
  journal={Manuscript in preparation}
}



@techreport{serkh2015generalized,
  title={On generalized prolate spheroidal functions},
  author={Serkh, Kirill},
  year={2015},
  institution={Technical Report TR-1519, Department of Mathematics, Yale University}
}





@article{landa2017steerable,
  title={Steerable Principal Components for Space-Frequency Localized Images},
  author={Landa, Boris and Shkolnisky, Yoel},
  journal={SIAM Journal on Imaging Sciences},
  volume={10},
  number={2},
  pages={508--534},
  year={2017},
  publisher={SIAM}
}

@article{landa2017approximation,
  title={Approximation scheme for essentially bandlimited and space-concentrated functions on a disk},
  author={Landa, Boris and Shkolnisky, Yoel},
  journal={Applied and Computational Harmonic Analysis},
  volume={43},
  number={3},
  pages={381--403},
  year={2017},
  publisher={Elsevier}
}




@article{lederman2017lower,
  title={Lower Bounds for Truncated {F}ourier and {L}aplace Transforms},
  author={Lederman, Roy R. and Steinerberger, Stefan},
  journal={Integral Equations and Operator Theory},
  volume={87},
  number={4},
  pages={529--543},
  year={2017},
  publisher={Springer}
}





@article{shkolnisky2007prolate,
  title={Prolate spheroidal wave functions on a disc—integration and approximation of two-dimensional bandlimited functions},
  author={Shkolnisky, Yoel},
  journal={Applied and Computational Harmonic Analysis},
  volume={22},
  number={2},
  pages={235--256},
  year={2007},
  publisher={Elsevier}
}

@article{shkolnisky2006approximation,
  title={Approximation of bandlimited functions},
  author={Shkolnisky, Yoel and Tygert, Mark and Rokhlin, Vladimir},
  journal={Applied and Computational Harmonic Analysis},
  volume={21},
  number={3},
  pages={413--420},
  year={2006},
  publisher={Elsevier}
}

@article{xiao2003high,
  title={High-frequency asymptotic expansions for certain prolate spheroidal wave functions},
  author={Xiao, Hong and Rokhlin, Vladimir},
  journal={Journal of Fourier Analysis and Applications},
  volume={9},
  number={6},
  pages={575--596},
  year={2003},
  publisher={Springer}
}


@article{rokhlin2007approximate,
  title={Approximate formulae for certain prolate spheroidal wave functions valid for large values of both order and band-limit},
  author={Rokhlin, Vladimir and Xiao, Hong},
  journal={Applied and Computational Harmonic Analysis},
  volume={22},
  number={1},
  pages={105--123},
  year={2007},
  publisher={Elsevier}
}


@article{osipov2017evaluation,
  title={Evaluation of small elements of the eigenvectors of certain symmetric tridiagonal matrices with high relative accuracy},
  author={Osipov, Andrei},
  journal={Applied and Computational Harmonic Analysis},
  volume={43},
  number={2},
  pages={173--211},
  year={2017},
  publisher={Elsevier}
}


@article{osipov2013prolate,
  title={Prolate spheroidal wave functions of order zero},
  author={Osipov, Andrei and Rokhlin, Vladimir and Xiao, Hong},
  journal={Springer Ser. Appl. Math. Sci},
  volume={187},
  year={2013},
  publisher={Springer}
}

@article{xiao2001prolate,
  title={Prolate spheroidal wavefunctions, quadrature and interpolation},
  author={Xiao, Hong and Rokhlin, Vladimir and Yarvin, Norman},
  journal={Inverse problems},
  volume={17},
  number={4},
  pages={805},
  year={2001},
  publisher={IOP Publishing}
}

@article{landau1961prolate,
  title={Prolate spheroidal wave functions, Fourier analysis and uncertainty—II},
  author={Landau, Henry J and Pollak, Henry O},
  journal={Bell Labs Technical Journal},
  volume={40},
  number={1},
  pages={65--84},
  year={1961},
  publisher={Wiley Online Library}
}


@article{slepian1961prolate,
  title={Prolate spheroidal wave functions, {F}ourier analysis and uncertainty {- I}},
  author={Slepian, David and Pollak, Henry O},
  journal={Bell Labs Technical Journal},
  volume={40},
  number={1},
  pages={43--63},
  year={1961},
  publisher={Wiley Online Library}
}

@article{slepian1964prolate,
  title={Prolate spheroidal wave functions, {F}ourier analysis and uncertainty {- IV}: extensions to many dimensions; generalized prolate spheroidal functions},
  author={Slepian, David},
  journal={Bell Labs Technical Journal},
  volume={43},
  number={6},
  pages={3009--3057},
  year={1964},
  publisher={Wiley Online Library}
}




@book{abramowitz1964handbook,
  title={Handbook of mathematical functions: with formulas, graphs, and mathematical tables},
  author={Abramowitz, Milton and Stegun, Irene A},
  year={1966},
  publisher={National Bureau of Standards, New York}
}




@article{bertero1985commuting,
  title={Commuting differential operators for the finite {L}aplace transform},
  author={Bertero, Mario and Grunbaum, F. Alberto},
  journal={Inverse Problems},
  volume={1},
  number={3},
  pages={181},
  year={1985},
  publisher={IOP Publishing}
}


@article{LedermanLaplace2,
author = {Roy R. Lederman and Vladimir Rokhlin},
title = {On the Analytical and Numerical Properties of the Truncated {L}aplace Transform {I}.},
journal = {SIAM Journal on Numerical Analysis},
volume = {53},
number = {3},
pages = {1214-1235},
year = {2015},
doi = {10.1137/140990681},

URL = { 
        https://doi.org/10.1137/140990681
    
},
eprint = { 
        https://doi.org/10.1137/140990681
    
}

}




@article{LedermanLaplace1,
author = {Roy R. Lederman and Vladimir Rokhlin},
title = {On the Analytical and Numerical Properties of the Truncated {L}aplace Transform. Part {II}},
journal = {SIAM Journal on Numerical Analysis},
volume = {54},
number = {2},
pages = {665-687},
year = {2016},
doi = {10.1137/15M1028583},

URL = { 
        https://doi.org/10.1137/15M1028583
    
},
eprint = { 
        https://doi.org/10.1137/15M1028583
    
}

}


@phdthesis{LedermanLaplace2014,
title = {On the Analytical and Numerical Properties of the Truncated {L}aplace Transform},
author = {Roy R. Lederman},
url = {http://cpsc.yale.edu/sites/default/files/files/tr1490.pdf},
year = {2014},
date = {2014-05-00},
number = {1497},
institution = {YALE/DCS},
school = {Yale University},
keywords = {Harmonic Analysis, Laplace Transform, Numerical Analysis, Signal Processing, SVD, Truncated Laplace Transform},
pubstate = {published},
tppubtype = {phdthesis}
} 



@article{lederman2017continuously,
  title={Continuously heterogeneous hyper-objects in cryo-EM and 3-D movies of many temporal dimensions},
  author={Lederman, Roy R. and Singer, Amit},
  journal={arXiv preprint arXiv:1704.02899},
  year={2017}
}

@article{lederman2016representation,
  title={A representation theory perspective on simultaneous alignment and classification},
  author={Lederman, Roy R. and Singer, Amit},
  journal={arXiv preprint arXiv:1607.03464},
  year={2016}
}

